@inproceedings{sarawagi2014open,
  title={Open-domain quantity queries on web tables: annotation, response, and consensus models},
  author={Sarawagi, Sunita and Chakrabarti, Soumen},
  booktitle={Proceedings of the 20th ACM SIGKDD international conference on Knowledge discovery and data mining},
  pages={711--720},
  year={2014},
  organization={ACM}
}

@inproceedings{ibrahim2016making,
  title={Making sense of entities and quantities in web tables},
  author={Ibrahim, Yusra and Riedewald, Mirek and Weikum, Gerhard},
  booktitle={Proceedings of the 25th ACM International on Conference on Information and Knowledge Management},
  pages={1703--1712},
  year={2016},
  organization={ACM}
}

@inproceedings{zhang2013infogather+,
  title={InfoGather+: semantic matching and annotation of numeric and time-varying attributes in web tables},
  author={Zhang, Meihui and Chakrabarti, Kaushik},
  booktitle={Proceedings of the 2013 ACM SIGMOD International Conference on Management of Data},
  pages={145--156},
  year={2013},
  organization={ACM}
}

@inproceedings{saha2017bootstrapping,
  title={Bootstrapping for Numerical Open IE},
  author={Saha, Swarnadeep and Pal, Harinder and others},
  booktitle={Proceedings of the 55th Annual Meeting of the Association for Computational Linguistics (Volume 2: Short Papers)},
  volume={2},
  pages={317--323},
  year={2017}
}

@article{pimplikar2012answering,
  title={Answering table queries on the web using column keywords},
  author={Pimplikar, Rakesh and Sarawagi, Sunita},
  journal={Proceedings of the VLDB Endowment},
  volume={5},
  number={10},
  pages={908--919},
  year={2012},
  publisher={VLDB Endowment}
}

@inproceedings{he2017deep,
  title={Deep semantic role labeling: What works and whatâ€™s next},
  author={He, Luheng and Lee, Kenton and Lewis, Mike and Zettlemoyer, Luke},
  booktitle={Proceedings of the 55th Annual Meeting of the Association for Computational Linguistics (Volume 1: Long Papers)},
  volume={1},
  pages={473--483},
  year={2017}
}